@article{fourniersniehotta:hal-02435620,
  TITLE = {{Modeling Music as Synchronized Time Series: Application to Music Score Collections}},
  AUTHOR = {Fournier-S'niehotta, Rapha{\"e}l and Rigaux, Philippe and Travers, Nicolas},
  URL = {https://hal-cnam.archives-ouvertes.fr/hal-02435620},
  JOURNAL = {{Information Systems}},
  PUBLISHER = {{Elsevier}},
  VOLUME = {73},
  PAGES = {35-49},
  YEAR = {2018},
  MONTH = Mar,
  DOI = {10.1016/j.is.2017.12.003},
  PDF = {https://hal-cnam.archives-ouvertes.fr/hal-02435620/file/is17.pdf},
  HAL_ID = {hal-02435620},
  HAL_VERSION = {v1},
}

@inproceedings{viard:hal-01665089,
  TITLE = {{Discovering Patterns of Interest in IP Traffic Using Cliques in Bipartite Link Streams}},
  AUTHOR = {Viard, Tiphaine and Fournier-S 'niehotta, Rapha{\"e}l and Magnien, Cl{\'e}mence and Latapy, Matthieu},
  URL = {https://hal.archives-ouvertes.fr/hal-01665089},
  BOOKTITLE = {{International Conference on Complex Networks (COMPLENET ​2018)}},
  ADDRESS = {Boston, United States},
  SERIES = {Complex Networks IX Proceedings of the 9th Conference on Complex Networks CompleNet 2018},
  PAGES = {233-241},
  YEAR = {2018},
  MONTH = Mar,
  DOI = {10.1007/978-3-319-73198-8\_20},
  PDF = {https://hal.archives-ouvertes.fr/hal-01665089/file/complenet18.pdf},
  HAL_ID = {hal-01665089},
  HAL_VERSION = {v1},
}

@inproceedings{foscarin:hal-01791404,
  TITLE = {{{\'E}valuation de la correction rythmique des partitions num{\'e}ris{\'e}es}},
  AUTHOR = {Foscarin, Francesco and Fournier-S'niehotta, Rapha{\"e}l and Jacquemard, Florent and Rigaux, Philippe},
  URL = {https://hal.archives-ouvertes.fr/hal-01791404},
  BOOKTITLE = {{JIM 2018 - Journ{\'e}es d'Informatique Musicale}},
  ADDRESS = {Amiens, France},
  PAGES = {87-95},
  YEAR = {2018},
  MONTH = May,
  PDF = {https://hal.archives-ouvertes.fr/hal-01791404/file/JIM2018-09-Fournier-SNiehotta.pdf},
  HAL_ID = {hal-01791404},
  HAL_VERSION = {v1},
}

@misc{foscarin:hal-01989029,
  TITLE = {{Evaluating musical score difference: a two-level comparison}},
  AUTHOR = {Foscarin, Francesco and Fournier-S'niehotta, Rapha{\"e}l and Rigaux, Philippe and Jacquemard, Florent},
  URL = {https://hal.inria.fr/hal-01989029},
  NOTE = {Poster},
  HOWPUBLISHED = {{Digital Music Research Network One-Day Workshop 2018 (DMRN+13)}},
  YEAR = {2018},
  MONTH = Dec,
  PDF = {https://hal.inria.fr/hal-01989029/file/DMRN-Poster-2.pdf},
  HAL_ID = {hal-01989029},
  HAL_VERSION = {v1},
}

@article{viard:hal-02444202,
  TITLE = {{Augmenting content-based rating prediction with link stream features}},
  AUTHOR = {Viard, Tiphaine and Fournier-S'niehotta, Rapha{\"e}l},
  URL = {https://hal.archives-ouvertes.fr/hal-02444202},
  JOURNAL = {{Computer Networks}},
  PUBLISHER = {{Elsevier}},
  VOLUME = {150},
  PAGES = {127-133},
  YEAR = {2019},
  MONTH = Feb,
  DOI = {10.1016/j.comnet.2018.12.002},
  KEYWORDS = {link streams ; recommender systems ; interpretability ; temporal networks ; graphs},
  PDF = {https://hal.archives-ouvertes.fr/hal-02444202/file/AugmentingCBRatingPredictionLinkStreamFeatures_ViardFournier_ComNet.pdf},
  HAL_ID = {hal-02444202},
  HAL_VERSION = {v1},
}

@inproceedings{viard:hal-02444211,
  TITLE = {{Encoding temporal and structural information in machine learning models for recommendation}},
  AUTHOR = {Viard, Tiphaine and Fournier-S'niehotta, Rapha{\"e}l},
  URL = {https://hal.archives-ouvertes.fr/hal-02444211},
  BOOKTITLE = {{LEG @ ECML-PKDD 2019}},
  ADDRESS = {W{\"u}rzburg, Germany},
  YEAR = {2019},
  MONTH = Sep,
  PDF = {https://hal.archives-ouvertes.fr/hal-02444211/file/Encoding_temporal_and_structural_information_in_machine_learning_models_for_recommandation.pdf},
  HAL_ID = {hal-02444211},
  HAL_VERSION = {v1},
}

@inproceedings{foscarin:hal-02267454,
  TITLE = {{A diff procedure for music score files}},
  AUTHOR = {Foscarin, Francesco and Fournier-S'niehotta, Rapha{\"e}l and Jacquemard, Florent},
  URL = {https://hal.inria.fr/hal-02267454},
  BOOKTITLE = {{6th International Conference on Digital Libraries for Musicology (DLfM)}},
  ADDRESS = {The Hague, Netherlands},
  PUBLISHER = {{ACM}},
  PAGES = {7},
  YEAR = {2019},
  MONTH = Nov,
  KEYWORDS = {Tree-based music representation ; Tree edit distance ; Graphical user interface for score file comparison ; Edit distance ; Collaborative score editing ; Score file versioning ; Music Encoding Initiative schema ; Music score files ; Visualization of Score file differences},
  PDF = {https://hal.inria.fr/hal-02267454v2/file/diff.pdf},
  HAL_ID = {hal-02267454},
  HAL_VERSION = {v2},
}

@inproceedings{morales:hal-02999863,
  TITLE = {{Testing the Impact of Semantics and Structure on Recommendation Accuracy and Diversity}},
  AUTHOR = {Morales, Pedro Ramaciotti and Tabourier, Lionel and Fournier-S'niehotta, Rapha{\"e}l},
  URL = {https://hal.archives-ouvertes.fr/hal-02999863},
  BOOKTITLE = {{ASONAM 2020. IEEE/ACM International Conference on Advances in Social Networks Analysis and Mining}},
  ADDRESS = {La Hague (virtual), Netherlands},
  YEAR = {2020},
  PDF = {https://hal.archives-ouvertes.fr/hal-02999863/file/2011.03796.pdf},
  HAL_ID = {hal-02999863},
  HAL_VERSION = {v1},
}

@article{ramaciottimorales:hal-03098374,
  TITLE = {{Measuring Diversity in Heterogeneous Information Networks}},
  AUTHOR = {Ramaciotti Morales, Pedro and Lamarche-Perrin, Robin and Fournier-S'niehotta, Rapha{\"e}l and Poulain, R{\'e}my and Tabourier, Lionel and Tarissan, Fabien},
  URL = {https://hal.archives-ouvertes.fr/hal-03098374},
  JOURNAL = {{Theoretical Computer Science}},
  PUBLISHER = {{Elsevier}},
  VOLUME = {859},
  PAGES = {80-115},
  YEAR = {2021},
  MONTH = Mar,
  DOI = {10.1016/j.tcs.2021.01.013},
  HAL_ID = {hal-03098374},
  HAL_VERSION = {v1},
  keywords="selected"
}

@inproceedings{foscarin:hal-03300102,
  TITLE = {{PKSpell: Data-Driven Pitch Spelling and Key Signature Estimation}},
  AUTHOR = {Foscarin, Francesco and Audebert, Nicolas and Fournier-S'niehotta, Rapha{\"e}l},
  URL = {https://hal.archives-ouvertes.fr/hal-03300102},
  BOOKTITLE = {{International Society for Music Information Retrieval Conference (ISMIR)}},
  ADDRESS = {Online, India},
  YEAR = {2021},
  MONTH = Nov,
  PDF = {https://hal.archives-ouvertes.fr/hal-03300102/file/PKSpell.pdf},
  HAL_ID = {hal-03300102},
  HAL_VERSION = {v1},
}

@unpublished{david-2021,
  TITLE = {{Parameterisation and Principles of Reasoning on Temporal Markov Logic Networks}},
  AUTHOR = {David, Victor and Travers, Nicolas and Fournier-S'niehotta, Rapha{\"e}l},
  BOOKTITLE = {{The 31st International Joint Conference on Artificial Intelligence (IJCAI-22)}},
  ADDRESS = {Vienna, Austria},
  YEAR = {soumis en Janvier 2022},
  note = {{31st International Joint Conference on Artificial Intelligence (IJCAI-22)}},
}

@inproceedings{dang:hal-03324009,
  TITLE = {{Web Image Context Extraction with Graph Neural Networks and Sentence Embeddings on the DOM tree}},
  AUTHOR = {Dang, Chen and Randrianarivo, Hicham and Fournier-S'niehotta, Rapha{\"e}l and Audebert, Nicolas},
  URL = {https://hal.archives-ouvertes.fr/hal-03324009},
  BOOKTITLE = {{GEM: Graph Embedding and Mining - ECML/PKDD Workshops}},
  ADDRESS = {Bilbao, Spain},
  YEAR = {2021},
  MONTH = Sep,
  KEYWORDS = {Natural Language Processing ; Graph Neural Network ; Information Retrieval ; Web Image Context Extraction ; Natural Language Processing ; Natural Language Processing},
  PDF = {https://hal.archives-ouvertes.fr/hal-03324009/file/wice_gem.pdf},
  HAL_ID = {hal-03324009},
  HAL_VERSION = {v1},
  keywords="selected"
}

@Article{bdcc6010023,
AUTHOR = {Zhu, Tiange and Fournier-S'niehotta, Rapha{\"e}l and Rigaux, Philippe and Travers, Nicolas},
TITLE = {A Framework for Content-Based Search in Large Music Collections},
JOURNAL = {Big Data and Cognitive Computing},
VOLUME = {6},
YEAR = {2022},
NUMBER = {1},
ARTICLE-NUMBER = {23},
URL = {https://www.mdpi.com/2504-2289/6/1/23},
ISSN = {2504-2289},
note = "Soumis à relecture avant le 31/12/21, accepté pour publication après.",
ABSTRACT = {We address the problem of scalable content-based search in large collections of music documents. Music content is highly complex and versatile and presents multiple facets that can be considered independently or in combination. Moreover, music documents can be digitally encoded in many ways. We propose a general framework for building a scalable search engine, based on (i) a music description language that represents music content independently from a specific encoding, (ii) an extendible list of feature-extraction functions, and (iii) indexing, searching, and ranking procedures designed to be integrated into the standard architecture of a text-oriented search engine. As a proof of concept, we also detail an actual implementation of the framework for searching in large collections of XML-encoded music scores, based on the popular ElasticSearch system. It is released as open-source in GitHub, and available as a ready-to-use Docker image for communities that manage large collections of digitized music documents.},
DOI = {10.3390/bdcc6010023}
}
